@article{Buhmann:1998:DCQ,
	AUTHOR = {J. M. Buhmann and D. W. Fellner and M. Held and J.
		Ketterer and J. Puzicha},
	TITLE = {Dithered Color Quantization},
	JOURNAL = cgforum,
	EDITOR = {N. Ferreira and M. G{\"{o}}bel},
	VOLUME = {17},	NUMBER = {3},
	MONTH = Sep,	YEAR = {1998},	PAGES = {C219-C231},
	DOI = {10.1111/1467-8659.00269},
  NOTE = {(Proc. Eurographics'98)
	       \httpAddr{//diglib.eg.org/EG/CGF/volume17/issue3/ColQuant98}} }

@ARTICLE{Fellner-Helmberg93,
	AUTHOR = {Fellner, Dieter W. and Helmberg, Christoph},
	TITLE = {Robust Rendering of General Ellipses and Elliptical Arcs},
	JOURNAL = tog,
	VOLUME = {12},	NUMBER = {3},
	MONTH = Jul,	YEAR = {1993},	PAGES = {251-276},
  DOI= {10.1145/169711.169704}
  }

@BOOK (FolDamFeiHug.etal93,
	AUTHOR = {Foley, James D. and van Dam, Andries and
		Feiner, Stephen K. and Hughes, John F. and Phillips, R.},
	TITLE = {Introduction to Computer Graphics},
	PUBLISHER = {Addison-Wesley},
	YEAR = {1993} )

@ARTICLE{Kobbelt97-USHDR,
	author = {L. Kobbelt and M. Stamminger and H.-P. Seidel},
	title = {Using Subdivision on Hierarchical Data to Reconstruct Radiosity
		Distribution},
	JOURNAL = cgforum,
	volume = 16,	number = 3,	pages = {C347-C355},
	year = 1997,
	DOI = {10.1111/1467-8659.16.3conferenceissue.36},
	note = {(Proc. Eurographics'97)
	       \httpAddr{//diglib.eg.org/EG/CGF/volume16/issue3/CGF172.html}} }

@INPROCEEDINGS{Lafortune97-NARF,
	author = {Eric P. Lafortune and Sing-Choong Foo and Kenneth E. Torrance and
		Donald P. Greenberg},
	title = {Non-Linear Approximation of Reflectance Functions},
	booktitle = {Proc. SIGGRAPH '97},
	volume = 31,	pages = {117-126},
	year = 1997,
	DOI = {10.1145/258734.258801}
  }

@ARTICLE (Lous90,
	AUTHOR = {Y. Le Lous},
	TITLE = {Report on the {F}irst {E}urographics {W}orkshop on {V}isualization in
		{S}cientific {C}omputing},
	JOURNAL = cgforum,
	VOLUME = {9},	NUMBER = {4},
	MONTH = dec,	YEAR = {1990},	PAGES = {371-372},
  DOI= {10.1111/j.1467-8659.1990.tb00430.x}
  )

@ARTICLE (Seidel93,
	AUTHOR = {Seidel, Hans-Peter},
	TITLE = {Polar Forms for Geometrically Continuous Spline Curves of
		Arbitrary Degree},
	JOURNAL = tog,
	VOLUME = {12},	NUMBER = {1},
	MONTH = Jan,	YEAR = {1993},	PAGES = {1-34},
  DOI= {10.1145/169728.169726}
  )


%10.1109/CloudCom.2012.6427506,
@article{tinia,
author = {Christopher Dyken and Kjetil Olsen Lye and Johan Seland and Erik W. Bjonnes and Jon Hjelmervik and Jens Olav Nygaard and Trond Runar Hagen},
title = {A framework for OpenGL client-server rendering},
journal ={2013 IEEE 5th International Conference on Cloud Computing Technology and Science},
volume = {0},
isbn = {978-1-4673-4511-8},
year = {2012},
pages = {729-734},
doi = {http://doi.ieeecomputersociety.org/10.1109/CloudCom.2012.6427506},
publisher = {IEEE Computer Society},
address = {Los Alamitos, CA, USA},
}

% http://www.computer.org/csdl/proceedings/cloudcom/2012/4511/00/06427506-abs.html




@misc{
  cloudviz,
  author={SINTEF},
  title={Direct Visualization in the Cloud},
  howpublished={Project website: \url{http://www.sintef.no/home/Information-and-Communication-Technology-ICT/Departments/Applied-Mathematics/HetComp2/Projects/CloudViz/}},
  mont={January},
  year={2010},
  note={{\em Ongoing project}}
}


@misc{
  arrowhead,
  author={SINTEF},
  title={ArrowHead, Advanced Remote Rendering of Huge 3D Models},
  mont={January},
  year={2015},
  note={{\em This project is about to start up at SINTEF, please contact the authors for details, web addresses etc.}}
}



@article{ibr,
  author={P. Verlani and P. J. Narayanan},
  title={Proxy-based compression of 2$ {\frac{{1}}{{2}}}$-d structure of dynamic events for tele-immersive systems},
  conference={3D Data Processing, Visualization and Transmission (3DPVT)},
  year={2008}
}


@article{DBLP:journals/tvcg/Lindstrom14,
  author    = {Peter Lindstrom},
  title     = {Fixed-Rate Compressed Floating-Point Arrays},
  journal   = {{IEEE} Trans. Vis. Comput. Graph.},
  volume    = {20},
  number    = {12},
  pages     = {2674--2683},
  year      = {2014},
  url       = {http://dx.doi.org/10.1109/TVCG.2014.2346458},
  doi       = {10.1109/TVCG.2014.2346458},
  timestamp = {Thu, 13 Nov 2014 15:38:05 +0100},
  biburl    = {http://dblp.uni-trier.de/rec/bib/journals/tvcg/Lindstrom14},
  bibsource = {dblp computer science bibliography, http://dblp.org}
}

@article{compr,
  author={P. Lindstrom},
  title={Fixed-Rate Compressed Floating-Point Arrays},
  journal={IEEE Transactions on Visualization and Computer Graphics},
  proceedings={Proceedings of Visualization 2014},
  year={2014}
}
%, 20(12):2674-2683, December 2014. 


@mastersthesis{teler,
  author={Eyal Teler},
  title={Streaming of Complex 3D Scenes for Remote Walkthroughs},
  school={School of Computer Science and Engineering, The Hebrew University of Jerusalem},
  year={2001},
  month={December}
}
%, 20(12):2674-2683, December 2014. 

@article{220764,
author = {Ilmi Yoon and Ulrich Neumann},
title = {{Web-Based Remote Rendering with IBRAC (Image-Based Rendering Acceleration and Compression)}},
journal = {Computer Graphics Forum},
volume = {19},
year = {2000},
issue = {3},
masid = {220764}
}
